@inproceedings{singh2016swapper,
  title={SWAPPER: A framework for automatic generation of formula simplifiers based on conditional rewrite rules},
  author={Singh, Rohit and Solar-Lezama, Armando},
  booktitle={2016 Formal Methods in Computer-Aided Design (FMCAD)},
  pages={185--192},
  year={2016},
  organization={IEEE}
}

@inproceedings{butler2017synthesizing,
  title={Synthesizing interpretable strategies for solving puzzle games},
  author={Butler, Eric and Torlak, Emina and Popovi{\'c}, Zoran},
  booktitle={Proceedings of the 12th International Conference on the Foundations of Digital Games},
  pages={10},
  year={2017},
  organization={ACM}
}

@book{baader1999term,
  title={Term rewriting and all that},
  author={Baader, Franz and Nipkow, Tobias},
  year={1999},
  publisher={Cambridge university press}
}

@inproceedings{de2008z3,
  title={Z3: An efficient SMT solver},
  author={De Moura, Leonardo and Bj{\o}rner, Nikolaj},
  booktitle={International conference on Tools and Algorithms for the Construction and Analysis of Systems},
  pages={337--340},
  year={2008},
  organization={Springer}
}

@manual{Coq19,
author = {{Coq} {Development} {Team}, The},
title = {The {Coq} Reference Manual, version 8.10},
month = Nov,
year = {2019},
note = {Available electronically at \url{http://coq.inria.fr/doc}}
}